[gd_scene load_steps=12 format=2]

[ext_resource path="res://Enemies/Duk_Enemy.gd" type="Script" id=1]
[ext_resource path="res://assets/EXPLOSION/EXPLOSION_FRAME1.png" type="Texture" id=2]
[ext_resource path="res://assets/EXPLOSION/EXPLOSION_FRAME2.png" type="Texture" id=3]
[ext_resource path="res://assets/EXPLOSION/EXPLOSION_FRAME3.png" type="Texture" id=4]
[ext_resource path="res://assets/EXPLOSION/EXPLOSION_FRAME4.png" type="Texture" id=5]
[ext_resource path="res://assets/EXPLOSION/EXPLOSION_FRAME5.png" type="Texture" id=6]
[ext_resource path="res://assets/EXPLOSION/EXPLOSION_FRAME6.png" type="Texture" id=7]
[ext_resource path="res://assets/SPACEMONSTER/DUK ENEMY FRAME 1.png" type="Texture" id=8]
[ext_resource path="res://assets/SPACEMONSTER/DUK ENEMY FRAME 2.png" type="Texture" id=9]

[sub_resource type="SpriteFrames" id=1]
animations = [ {
"frames": [ ExtResource( 2 ), ExtResource( 3 ), ExtResource( 4 ), ExtResource( 5 ), ExtResource( 6 ), ExtResource( 7 ) ],
"loop": true,
"name": "Death",
"speed": 8.0
}, {
"frames": [ ExtResource( 8 ), ExtResource( 9 ) ],
"loop": true,
"name": "Bite",
"speed": 8.0
} ]

[sub_resource type="CapsuleShape2D" id=2]
radius = 62.0523
height = 1.70872

[node name="Duk_Enemy" type="Area2D"]
script = ExtResource( 1 )

[node name="AnimatedSprite" type="AnimatedSprite" parent="."]
scale = Vector2( 0.072474, 0.072474 )
frames = SubResource( 1 )
animation = "Death"

[node name="CollisionShape2D" type="CollisionShape2D" parent="."]
position = Vector2( -0.601669, 9.62664 )
scale = Vector2( 0.993775, 0.495258 )
shape = SubResource( 2 )

[node name="death_clock" type="Timer" parent="."]
wait_time = 0.7
one_shot = true
[connection signal="area_entered" from="." to="." method="_on_Duk_Enemy_area_entered"]
[connection signal="timeout" from="death_clock" to="." method="_on_death_clock_timeout" flags=6]
